@inproceedings{henrich97repositorybased,
  added-at = {2009-10-05T00:00:00.000+0200},
  author = {Henrich, Andreas},
  biburl = {http://www.bibsonomy.org/bibtex/296fd2c52731c3d343b161fc1772c2a1c/dblp},
  booktitle = {DEXA},
  date = {2009-10-05},
  description = {dblp},
  editor = {Hameurlain, Abdelkader and Tjoa, A. Min},
  ee = {http://dx.doi.org/10.1007/BFb0022073},
  interhash = {d8a7f54567890d17ff85f70b27beae9e},
  intrahash = {96fd2c52731c3d343b161fc1772c2a1c},
  isbn = {3-540-63478-9},
  keywords = {dblp},
  pages = {653-662},
  publisher = {Springer},
  series = {Lecture Notes in Computer Science},
  timestamp = {2009-10-05T00:00:00.000+0200},
  title = {Repository Based Software Cost Estimation.},
  url = {http://dblp.uni-trier.de/db/conf/dexa/dexa97.html#Henrich97},
  volume = 1308,
  year = 1997
}

@inproceedings{apipeerreview,
 author = {Farooq, Umer and Welicki, Leon and Zirkler, Dieter},
 title = {API usability peer reviews: a method for evaluating the usability of application programming interfaces},
 booktitle = {Proceedings of the 28th international conference on Human factors in computing systems},
 series = {CHI '10},
 year = {2010},
 isbn = {978-1-60558-929-9},
 location = {Atlanta, Georgia, USA},
 pages = {2327--2336},
 numpages = {10},
 url = {http://doi.acm.org/10.1145/1753326.1753677},
 doi = {10.1145/1753326.1753677},
 acmid = {1753677},
 publisher = {ACM},
 address = {New York, NY, USA},
 keywords = {api usability, software bugs, usability breakdowns, usability evaluation method (uem), usability inspection},
} 

@article{api-matters,
 author = {Henning, Michi},
 title = {API design matters},
 journal = {Commun. ACM},
 issue_date = {May 2009},
 volume = {52},
 number = {5},
 month = may,
 year = {2009},
 issn = {0001-0782},
 pages = {46--56},
 numpages = {11},
 url = {http://doi.acm.org/10.1145/1506409.1506424},
 doi = {10.1145/1506409.1506424},
 acmid = {1506424},
 publisher = {ACM},
 address = {New York, NY, USA},
} 

@inproceedings{conceptmaps,
 author = {Gerken, Jens and Jetter, Hans-Christian and Z\"{o}llner, Michael and Mader, Martin and Reiterer, Harald},
 title = {The concept maps method as a tool to evaluate the usability of APIs},
 booktitle = {Proceedings of the 2011 annual conference on Human factors in computing systems},
 series = {CHI '11},
 year = {2011},
 isbn = {978-1-4503-0228-9},
 location = {Vancouver, BC, Canada},
 pages = {3373--3382},
 numpages = {10},
 url = {http://doi.acm.org/10.1145/1978942.1979445},
 doi = {10.1145/1978942.1979445},
 acmid = {1979445},
 publisher = {ACM},
 address = {New York, NY, USA},
 keywords = {API usability, concept maps, evaluation method, longitudinal},
} 

@inproceedings{sirikata-scripting,
 author = {Mistree, Behram F.T. and Chandra, Bhupesh and Cheslack-Postava, Ewen and Levis, Philip and Gay, David},
 title = {Emerson: accessible scripting for applications in an extensible virtual world},
 booktitle = {Proceedings of the 10th SIGPLAN symposium on New ideas, new paradigms, and reflections on programming and software},
 series = {ONWARD '11},
 year = {2011},
 isbn = {978-1-4503-0941-7},
 location = {Portland, Oregon, USA},
 pages = {77--90},
 numpages = {14},
 url = {http://doi.acm.org/10.1145/2048237.2048247},
 doi = {10.1145/2048237.2048247},
 acmid = {2048247},
 publisher = {ACM},
 address = {New York, NY, USA},
 keywords = {actors, distributed programming, metaverses, novice programming, sandboxing, scripting, virtual worlds},
} 

@article{api-complexity-analysis,
 author = {Sobernig, Stefan and Gaubatz, Patrick and Strembeck, Mark and Zdun, Uwe},
 title = {Comparing complexity of API designs: an exploratory experiment on DSL-based framework integration},
 journal = {SIGPLAN Not.},
 issue_date = {March 2012},
 volume = {47},
 number = {3},
 month = oct,
 year = {2011},
 issn = {0362-1340},
 pages = {157--166},
 numpages = {10},
 url = {http://doi.acm.org/10.1145/2189751.2047890},
 doi = {10.1145/2189751.2047890},
 acmid = {2047890},
 publisher = {ACM},
 address = {New York, NY, USA},
 keywords = {application programming interface, complexity, domain-specific language, object points},
} 

@inproceedings{automatic-api-eval,
  author    = {Cleidson R. B. de Souza and
               David Leonardo M. Bentolila},
  title     = {Automatic evaluation of API usability using complexity metrics
               and visualizations},
  booktitle = {ICSE Companion},
  year      = {2009},
  pages     = {299-302},
  ee        = {http://dx.doi.org/10.1109/ICSE-COMPANION.2009.5071006},
  crossref  = {DBLP:conf/icse/2009c},
  bibsource = {DBLP, http://dblp.uni-trier.de}
}

@inproceedings{spotweb,
 author = {Thummalapenta, S. and Tao Xie},
 title = {SpotWeb: Detecting Framework Hotspots and Coldspots via Mining Open Source Code on the Web},
 booktitle = {Proceedings of the 2008 23rd IEEE/ACM International Conference on Automated Software Engineering},
 series = {ASE '08},
 year = {2008},
 isbn = {978-1-4244-2187-9},
 pages = {327--336},
 numpages = {10},
 url = {http://dx.doi.org/10.1109/ASE.2008.43},
 doi = {10.1109/ASE.2008.43},
 acmid = {1642969},
 publisher = {IEEE Computer Society},
 address = {Washington, DC, USA},
 keywords = {Java, SpotWeb, framework hotspots, framework coldspots, open source code mining, Web mining, code-search-engine-based approach, API},
} 

@MISC{pong-ping,
    author = {Greger Wikstrand},
    title = {High and Low Ping and the Game of Pong},
    year = {}
}

@misc{cmu-api_failures,
  author = "Marcelo Cataldo and Cleidson R.B. de Souza",
  title = "The Impact of API Complexity on Failures: An Empirical Analysis of Proprietary and Open Source Software Systems",
  url = "http://reports-archive.adm.cs.cmu.edu/anon/isr2011/CMU-ISR-11-106.pdf" 
}

@misc{middleware,
  author = "(add the real info when have access to IEEE lib)",
  title = "",
  url = "" 
}

@misc{overview,
  author = "Michael Barth",
  title = "API Evaluation -- An overview of API evaluation techniques",
  url = "http://dev.roleplaytalk.net/files/publications/api-evaluation.pdf" 
}

@misc{ ,
  author = "",
  title = "",
  url = "" 
}

